@book{DBLP:books/daglib/0092408,
  author = {Jim Handy},
  publisher = {Academic Press},
  title = {{The cache memory book - the authoritative reference on cache design {(2.} ed.)}},
  year = {1998}
}

@book{DBLP:books/lib/Tanenbaum09,
  author = {Andrew S. Tanenbaum},
  publisher = {Pearson Prentice-Hall},
  title = {{Modern operating systems, 3rd Edition}},
  year = {2009}
}

@inproceedings{DBLP:conf/crypto/Kocher96,
  author = {Paul C. Kocher},
  booktitle = {Advances in Cryptology -- {CRYPTO} 1996},
  crossref = {DBLP:conf/crypto/1996},
  pages = {104--113},
  title = {{Timing Attacks on Implementations of Diffie-Hellman, RSA, DSS, and Other Systems}},
  year = {1996}
}

@inproceedings{DBLP:conf/ctrsa/AciicmezSK07,
  author = {Onur Acii{\c{c}}mez and Werner Schindler and {\c{C}}etin Kaya Ko{\c{c}}},
  booktitle = {Topics in Cryptology -- {CT-RSA} 2007},
  crossref = {DBLP:conf/ctrsa/2007},
  pages = {271--286},
  title = {{Cache Based Remote Timing Attack on the {AES}}},
  year = {2007}
}

@inproceedings{DBLP:conf/ctrsa/OsvikST06,
  author = {Dag Arne Osvik and Adi Shamir and Eran Tromer},
  booktitle = {Topics in Cryptology -- {CT-RSA} 2006},
  crossref = {DBLP:conf/ctrsa/2006},
  pages = {1--20},
  title = {{Cache Attacks and Countermeasures: The Case of {AES}}},
  year = {2006}
}

@inproceedings{DBLP:conf/host/AndreouBT17,
  author = {Alexandres Andreou and Andrey Bogdanov and Elmar Tischhauser},
  booktitle = {Hardware Oriented Security and Trust -- {HOST} 2017},
  crossref = {DBLP:conf/host/2017},
  pages = {155},
  title = {{Cache timing attacks on recent microarchitectures}},
  year = {2017}
}

@inproceedings{DBLP:conf/ndss/HundWH13,
  author = {Ralf Hund and Carsten Willems and Thorsten Holz},
  booktitle = {Network and Distributed System Security Symposium -- {NDSS} 2013},
  crossref = {DBLP:conf/ndss/2013},
  title = {{Practical Timing Side Channel Attacks Against Kernel Space {ASLR}}},
  year = {2013}
}

@inproceedings{DBLP:conf/usenix/Bellard05,
  author = {Fabrice Bellard},
  booktitle = {Proceedings of the {FREENIX} Track: 2005 {USENIX} Annual Technical Conference, April 10-15, 2005, Anaheim, CA, {USA}},
  crossref = {DBLP:conf/usenix/2005f},
  pages = {41--46},
  title = {{QEMU, a Fast and Portable Dynamic Translator}},
  year = {2005}
}

@inproceedings{DBLP:conf/uss/GrussSM15,
  author = {Daniel Gruss and Raphael Spreitzer and Stefan Mangard},
  booktitle = {{USENIX} Security Symposium 2015},
  crossref = {DBLP:conf/uss/2015},
  pages = {897--912},
  title = {{Cache Template Attacks: Automating Attacks on Inclusive Last-Level Caches}},
  year = {2015}
}

@inproceedings{DBLP:conf/wisa/GallaisKT10,
  author = {Jean{-}Fran{\c{c}}ois Gallais and Ilya Kizhvatov and Michael Tunstall},
  booktitle = {Information Security Applications -- {WISA} 2010},
  crossref = {DBLP:conf/wisa/2010},
  pages = {243--257},
  title = {{Improved Trace-Driven Cache-Collision Attacks against Embedded {AES} Implementations}},
  year = {2010}
}

@article{DBLP:journals/corr/GrussMW15,
  author = {Daniel Gruss and Cl{\'{e}}mentine Maurice and Klaus Wagner},
  journal = {CoRR},
  title = {{Flush+Flush: {A} Stealthier Last-Level Cache Attack}},
  volume = {abs/1511.04594},
  year = {2015}
}

@article{DBLP:journals/corr/abs-1801-01203,
  author = {Paul Kocher and Daniel Genkin and Daniel Gruss and Werner Haas and Mike Hamburg and Moritz Lipp and Stefan Mangard and Thomas Prescher and Michael Schwarz and Yuval Yarom},
  journal = {CoRR},
  title = {{Spectre Attacks: Exploiting Speculative Execution}},
  volume = {abs/1801.01203},
  year = {2018}
}

@article{DBLP:journals/iacr/BangerterGK10,
  author = {Endre Bangerter and David Gullasch and Stephan Krenn},
  journal = {{IACR} Cryptology ePrint Archive},
  pages = {594},
  title = {{Cache Games - Bringing Access Based Cache Attacks on {AES} to Practice}},
  volume = {2010},
  year = {2010}
}

@article{DBLP:journals/iacr/OsvikST05,
  author = {Dag Arne Osvik and Adi Shamir and Eran Tromer},
  journal = {{IACR} Cryptology ePrint Archive},
  pages = {271},
  title = {{Cache attacks and Countermeasures: the Case of {AES}}},
  volume = {2005},
  year = {2005}
}

@article{DBLP:journals/iacr/Page02,
  author = {Dan Page},
  journal = {{IACR} Cryptology ePrint Archive},
  pages = {169},
  title = {{Theoretical Use of Cache Memory as a Cryptanalytic Side-Channel}},
  volume = {2002},
  year = {2002}
}

@article{DBLP:journals/iacr/YaromF13,
  author = {Yuval Yarom and Katrina E. Falkner},
  journal = {{IACR} Cryptology ePrint Archive},
  pages = {448},
  title = {{Flush+Reload: a High Resolution, Low Noise, {L3} Cache Side-Channel Attack}},
  volume = {2013},
  year = {2013}
}

@article{DBLP:journals/iacr/YaromGLLH15,
  author = {Yuval Yarom and Qian Ge and Fangfei Liu and Ruby B. Lee and Gernot Heiser},
  journal = {{IACR} Cryptology ePrint Archive},
  pages = {905},
  title = {{Mapping the Intel Last-Level Cache}},
  volume = {2015},
  year = {2015}
}

@article{DBLP:journals/popets/IrazoquiIES15,
  author = {Gorka Irazoqui and Mehmet Sinan Inci and Thomas Eisenbarth and Berk Sunar},
  journal = {PoPETs},
  pages = {25--40},
  title = {{Know Thy Neighbor: Crypto Library Detection in Cloud}},
  volume = {2015},
  year = {2015}
}

@book{DBLP:reference/db/2009,
  publisher = {Springer {US}},
  title = {{Encyclopedia of Database Systems}},
  year = {2009}
}

@proceedings{DBLP:conf/crypto/1996,
  isbn = {3-540-61512-1},
  publisher = {Springer},
  series = {Lecture Notes in Computer Science},
  title = {{Advances in Cryptology - {CRYPTO} '96, 16th Annual International Cryptology Conference, Santa Barbara, California, USA, August 18-22, 1996, Proceedings}},
  volume = {1109}
}

@proceedings{DBLP:conf/ctrsa/2006,
  isbn = {3-540-31033-9},
  publisher = {Springer},
  series = {Lecture Notes in Computer Science},
  title = {{Topics in Cryptology - {CT-RSA} 2006, The Cryptographers' Track at the {RSA} Conference 2006, San Jose, CA, USA, February 13-17, 2006, Proceedings}},
  volume = {3860}
}

@proceedings{DBLP:conf/ctrsa/2007,
  isbn = {3-540-69327-0},
  publisher = {Springer},
  series = {Lecture Notes in Computer Science},
  title = {{Topics in Cryptology - {CT-RSA} 2007, The Cryptographers' Track at the {RSA} Conference 2007, San Francisco, CA, USA, February 5-9, 2007, Proceedings}},
  volume = {4377}
}

@proceedings{DBLP:conf/host/2017,
  isbn = {978-1-5386-3929-0},
  publisher = {{IEEE} Computer Society},
  title = {{2017 {IEEE} International Symposium on Hardware Oriented Security and Trust, {HOST} 2017, McLean, VA, USA, May 1-5, 2017}}
}

@proceedings{DBLP:conf/ndss/2013,
  publisher = {The Internet Society},
  title = {{20th Annual Network and Distributed System Security Symposium, {NDSS} 2013, San Diego, California, USA, February 24-27, 2013}}
}

@proceedings{DBLP:conf/usenix/2005f,
  publisher = {{USENIX}},
  title = {{Proceedings of the {FREENIX} Track: 2005 {USENIX} Annual Technical Conference, April 10-15, 2005, Anaheim, CA, {USA}}}
}

@proceedings{DBLP:conf/uss/2015,
  publisher = {{USENIX} Association},
  title = {{24th {USENIX} Security Symposium, {USENIX} Security 15, Washington, D.C., USA, August 12-14, 2015}}
}

@proceedings{DBLP:conf/wisa/2010,
  isbn = {978-3-642-17954-9},
  publisher = {Springer},
  series = {Lecture Notes in Computer Science},
  title = {{Information Security Applications - 11th International Workshop, {WISA} 2010, Jeju Island, Korea, August 24-26, 2010, Revised Selected Papers}},
  volume = {6513}
}

@inproceedings{NDSS_2017_T_SGX,
  author = {Ming-Wi Shih and Sangho Lee and Taesoo Kim and Marcus Peinado},
  booktitle = {Network and Distributed System Security Symposium -- {NDSS} 2017},
  note = {In press},
  title = {{T-SGX: Eradicating Controlled-Channel Attacks Against Enclave Programs}},
  year = {2017}
}

@inproceedings{ASIACCS_2007_Aciicmez,
  author = {Onur Acii{\c{c}}mez and {\c{C}}etin Kaya Ko{\c{c}} and Jean{-}Pierre Seifert},
  booktitle = {Asia Conference on Computer and Communications Security -- {AsiaCCS} 2007},
  title = {{On the Power of Simple Branch Prediction Analysis}},
  pages = {312--320},
  publisher = {{ACM}},
  year = {2007}
}
