@inproceedings{DBLP:conf/sp/XuCP15,
  author    = {Yuanzhong Xu and
               Weidong Cui and
               Marcus Peinado},
  title     = {Controlled-Channel Attacks: Deterministic Side Channels for Untrusted
               Operating Systems},
  booktitle = {2015 {IEEE} Symposium on Security and Privacy, {SP} 2015, San Jose,
               CA, USA, May 17-21, 2015},
  pages     = {640--656},
  year      = {2015},
  crossref  = {DBLP:conf/sp/2015},
  url       = {https://doi.org/10.1109/SP.2015.45},
  doi       = {10.1109/SP.2015.45},
  timestamp = {Fri, 26 May 2017 00:50:06 +0200},
  biburl    = {http://dblp.org/rec/bib/conf/sp/XuCP15},
  bibsource = {dblp computer science bibliography, http://dblp.org}
}

@proceedings{DBLP:conf/sp/2015,
  title     = {2015 {IEEE} Symposium on Security and Privacy, {SP} 2015, San Jose,
               CA, USA, May 17-21, 2015},
  publisher = {{IEEE} Computer Society},
  year      = {2015},
  url       = {http://ieeexplore.ieee.org/xpl/mostRecentIssue.jsp?punumber=7160813},
  isbn      = {978-1-4673-6949-7},
  timestamp = {Wed, 29 Mar 2017 16:45:25 +0200},
  biburl    = {http://dblp.org/rec/bib/conf/sp/2015},
  bibsource = {dblp computer science bibliography, http://dblp.org}
}

@inproceedings{DBLP:conf/ccs/ShindeCNS16,
  author    = {Shweta Shinde and
               Zheng Leong Chua and
               Viswesh Narayanan and
               Prateek Saxena},
  title     = {Preventing Page Faults from Telling Your Secrets},
  booktitle = {Proceedings of the 11th {ACM} on Asia Conference on Computer and Communications
               Security, AsiaCCS 2016, Xi'an, China, May 30 - June 3, 2016},
  pages     = {317--328},
  year      = {2016},
  crossref  = {DBLP:conf/ccs/2016asia},
  url       = {http://doi.acm.org/10.1145/2897845.2897885},
  doi       = {10.1145/2897845.2897885},
  timestamp = {Mon, 06 Jun 2016 12:21:19 +0200},
  biburl    = {http://dblp.org/rec/bib/conf/ccs/ShindeCNS16},
  bibsource = {dblp computer science bibliography, http://dblp.org}
}

@proceedings{DBLP:conf/ccs/2016asia,
  editor    = {Xiaofeng Chen and
               XiaoFeng Wang and
               Xinyi Huang},
  title     = {Proceedings of the 11th {ACM} on Asia Conference on Computer and Communications
               Security, AsiaCCS 2016, Xi'an, China, May 30 - June 3, 2016},
  publisher = {{ACM}},
  year      = {2016},
  url       = {http://doi.acm.org/10.1145/2897845},
  doi       = {10.1145/2897845},
  isbn      = {978-1-4503-4233-9},
  timestamp = {Mon, 06 Jun 2016 12:20:07 +0200},
  biburl    = {http://dblp.org/rec/bib/conf/ccs/2016asia},
  bibsource = {dblp computer science bibliography, http://dblp.org}
}

@inproceedings{DBLP:conf/ches/MoghimiIE17,
  author    = {Ahmad Moghimi and
               Gorka Irazoqui and
               Thomas Eisenbarth},
  title     = {CacheZoom: How {SGX} Amplifies the Power of Cache Attacks},
  booktitle = {Cryptographic Hardware and Embedded Systems - {CHES} 2017 - 19th International
               Conference, Taipei, Taiwan, September 25-28, 2017, Proceedings},
  pages     = {69--90},
  year      = {2017},
  crossref  = {DBLP:conf/ches/2017},
  url       = {https://doi.org/10.1007/978-3-319-66787-4_4},
  doi       = {10.1007/978-3-319-66787-4_4},
  timestamp = {Mon, 18 Sep 2017 13:25:39 +0200},
  biburl    = {http://dblp.org/rec/bib/conf/ches/MoghimiIE17},
  bibsource = {dblp computer science bibliography, http://dblp.org}
}

@proceedings{DBLP:conf/ches/2017,
  editor    = {Wieland Fischer and
               Naofumi Homma},
  title     = {Cryptographic Hardware and Embedded Systems - {CHES} 2017 - 19th International
               Conference, Taipei, Taiwan, September 25-28, 2017, Proceedings},
  series    = {Lecture Notes in Computer Science},
  volume    = {10529},
  publisher = {Springer},
  year      = {2017},
  url       = {https://doi.org/10.1007/978-3-319-66787-4},
  doi       = {10.1007/978-3-319-66787-4},
  isbn      = {978-3-319-66786-7},
  timestamp = {Mon, 18 Sep 2017 13:22:01 +0200},
  biburl    = {http://dblp.org/rec/bib/conf/ches/2017},
  bibsource = {dblp computer science bibliography, http://dblp.org}
}

@inproceedings{DBLP:conf/eurosec/GotzfriedESM17,
  author    = {Johannes G{\"{o}}tzfried and
               Moritz Eckert and
               Sebastian Schinzel and
               Tilo M{\"{u}}ller},
  title     = {Cache Attacks on Intel {SGX}},
  booktitle = {Proceedings of the 10th European Workshop on Systems Security, {EUROSEC}
               2017, Belgrade, Serbia, April 23, 2017},
  pages     = {2:1--2:6},
  year      = {2017},
  crossref  = {DBLP:conf/eurosec/2017},
  url       = {http://doi.acm.org/10.1145/3065913.3065915},
  doi       = {10.1145/3065913.3065915},
  timestamp = {Tue, 30 May 2017 16:36:52 +0200},
  biburl    = {http://dblp.org/rec/bib/conf/eurosec/GotzfriedESM17},
  bibsource = {dblp computer science bibliography, http://dblp.org}
}

@proceedings{DBLP:conf/eurosec/2017,
  editor    = {Cristiano Giuffrida and
               Angelos Stavrou},
  title     = {Proceedings of the 10th European Workshop on Systems Security, {EUROSEC}
               2017, Belgrade, Serbia, April 23, 2017},
  publisher = {{ACM}},
  year      = {2017},
  url       = {http://doi.acm.org/10.1145/3065913},
  doi       = {10.1145/3065913},
  isbn      = {978-1-4503-4935-2},
  timestamp = {Tue, 30 May 2017 16:36:52 +0200},
  biburl    = {http://dblp.org/rec/bib/conf/eurosec/2017},
  bibsource = {dblp computer science bibliography, http://dblp.org}
}

@inproceedings{DBLP:conf/dimva/SchwarzWGMM17,
  author    = {Michael Schwarz and
               Samuel Weiser and
               Daniel Gruss and
               Cl{\'{e}}mentine Maurice and
               Stefan Mangard},
  title     = {Malware Guard Extension: Using {SGX} to Conceal Cache Attacks},
  booktitle = {Detection of Intrusions and Malware, and Vulnerability Assessment
               - 14th International Conference, {DIMVA} 2017, Bonn, Germany, July
               6-7, 2017, Proceedings},
  pages     = {3--24},
  year      = {2017},
  crossref  = {DBLP:conf/dimva/2017},
  url       = {https://doi.org/10.1007/978-3-319-60876-1_1},
  doi       = {10.1007/978-3-319-60876-1_1},
  timestamp = {Tue, 27 Jun 2017 15:32:28 +0200},
  biburl    = {http://dblp.org/rec/bib/conf/dimva/SchwarzWGMM17},
  bibsource = {dblp computer science bibliography, http://dblp.org}
}

@proceedings{DBLP:conf/dimva/2017,
  editor    = {Michalis Polychronakis and
               Michael Meier},
  title     = {Detection of Intrusions and Malware, and Vulnerability Assessment
               - 14th International Conference, {DIMVA} 2017, Bonn, Germany, July
               6-7, 2017, Proceedings},
  series    = {Lecture Notes in Computer Science},
  volume    = {10327},
  publisher = {Springer},
  year      = {2017},
  url       = {https://doi.org/10.1007/978-3-319-60876-1},
  doi       = {10.1007/978-3-319-60876-1},
  isbn      = {978-3-319-60875-4},
  timestamp = {Tue, 27 Jun 2017 15:29:09 +0200},
  biburl    = {http://dblp.org/rec/bib/conf/dimva/2017},
  bibsource = {dblp computer science bibliography, http://dblp.org}
}

@inproceedings{DBLP:conf/uss/YaromF14,
  author    = {Yuval Yarom and
               Katrina Falkner},
  title     = {{FLUSH+RELOAD:} {A} High Resolution, Low Noise, {L3} Cache Side-Channel
               Attack},
  booktitle = {Proceedings of the 23rd {USENIX} Security Symposium, San Diego, CA,
               USA, August 20-22, 2014.},
  pages     = {719--732},
  year      = {2014},
  crossref  = {DBLP:conf/uss/2014},
  url       = {https://www.usenix.org/conference/usenixsecurity14/technical-sessions/presentation/yarom},
  timestamp = {Fri, 19 Aug 2016 15:38:03 +0200},
  biburl    = {http://dblp.org/rec/bib/conf/uss/YaromF14},
  bibsource = {dblp computer science bibliography, http://dblp.org}
}

@proceedings{DBLP:conf/uss/2014,
  editor    = {Kevin Fu and
               Jaeyeon Jung},
  title     = {Proceedings of the 23rd {USENIX} Security Symposium, San Diego, CA,
               USA, August 20-22, 2014},
  publisher = {{USENIX} Association},
  year      = {2014},
  url       = {https://www.usenix.org/conference/usenixsecurity14},
  timestamp = {Fri, 19 Aug 2016 15:38:02 +0200},
  biburl    = {http://dblp.org/rec/bib/conf/uss/2014},
  bibsource = {dblp computer science bibliography, http://dblp.org}
}

@inproceedings{DBLP:conf/woot/BrasserMDKCS17,
  author    = {Ferdinand Brasser and
               Urs M{\"{u}}ller and
               Alexandra Dmitrienko and
               Kari Kostiainen and
               Srdjan Capkun and
               Ahmad{-}Reza Sadeghi},
  title     = {Software Grand Exposure: {SGX} Cache Attacks Are Practical},
  booktitle = {11th {USENIX} Workshop on Offensive Technologies, {WOOT} 2017, Vancouver,
               BC, Canada, August 14-15, 2017.},
  year      = {2017},
  crossref  = {DBLP:conf/woot/2017},
  url       = {https://www.usenix.org/conference/woot17/workshop-program/presentation/brasser},
  timestamp = {Fri, 01 Sep 2017 12:31:48 +0200},
  biburl    = {http://dblp.org/rec/bib/conf/woot/BrasserMDKCS17},
  bibsource = {dblp computer science bibliography, http://dblp.org}
}

@proceedings{DBLP:conf/woot/2017,
  editor    = {William Enck and
               Collin Mulliner},
  title     = {11th {USENIX} Workshop on Offensive Technologies, {WOOT} 2017, Vancouver,
               BC, Canada, August 14-15, 2017},
  publisher = {{USENIX} Association},
  year      = {2017},
  url       = {https://www.usenix.org/conference/woot17},
  timestamp = {Fri, 01 Sep 2017 12:31:12 +0200},
  biburl    = {http://dblp.org/rec/bib/conf/woot/2017},
  bibsource = {dblp computer science bibliography, http://dblp.org}
}

@inproceedings{DBLP:conf/ccs/Aciicmez07,
  author    = {Onur Acii{\c{c}}mez},
  title     = {Yet Another MicroArchitectural Attack: : Exploiting I-Cache},
  booktitle = {Proceedings of the 2007 {ACM} workshop on Computer Security Architecture,
               {CSAW} 2007, Fairfax, VA, USA, November 2, 2007},
  pages     = {11--18},
  year      = {2007},
  crossref  = {DBLP:conf/ccs/2007csaw},
  url       = {http://doi.acm.org/10.1145/1314466.1314469},
  doi       = {10.1145/1314466.1314469},
  timestamp = {Thu, 10 Apr 2008 07:45:41 +0200},
  biburl    = {http://dblp.org/rec/bib/conf/ccs/Aciicmez07},
  bibsource = {dblp computer science bibliography, http://dblp.org}
}

@proceedings{DBLP:conf/ccs/2007csaw,
  editor    = {Peng Ning and
               Vijay Atluri},
  title     = {Proceedings of the 2007 {ACM} workshop on Computer Security Architecture,
               {CSAW} 2007, Fairfax, VA, USA, November 2, 2007},
  publisher = {{ACM}},
  year      = {2007},
  isbn      = {978-1-59593-890-9},
  timestamp = {Thu, 10 Apr 2008 07:42:33 +0200},
  biburl    = {http://dblp.org/rec/bib/conf/ccs/2007csaw},
  bibsource = {dblp computer science bibliography, http://dblp.org}
}

@inproceedings{DBLP:conf/ctrsa/AciicmezS08,
  author    = {Onur Acii{\c{c}}mez and
               Werner Schindler},
  title     = {A Vulnerability in {RSA} Implementations Due to Instruction Cache
               Analysis and Its Demonstration on OpenSSL},
  booktitle = {Topics in Cryptology - {CT-RSA} 2008, The Cryptographers' Track at
               the {RSA} Conference 2008, San Francisco, CA, USA, April 8-11, 2008.
               Proceedings},
  pages     = {256--273},
  year      = {2008},
  crossref  = {DBLP:conf/ctrsa/2008},
  url       = {https://doi.org/10.1007/978-3-540-79263-5_16},
  doi       = {10.1007/978-3-540-79263-5_16},
  timestamp = {Fri, 02 Jun 2017 13:01:07 +0200},
  biburl    = {http://dblp.org/rec/bib/conf/ctrsa/AciicmezS08},
  bibsource = {dblp computer science bibliography, http://dblp.org}
}

@proceedings{DBLP:conf/ctrsa/2008,
  editor    = {Tal Malkin},
  title     = {Topics in Cryptology - {CT-RSA} 2008, The Cryptographers' Track at
               the {RSA} Conference 2008, San Francisco, CA, USA, April 8-11, 2008.
               Proceedings},
  series    = {Lecture Notes in Computer Science},
  volume    = {4964},
  publisher = {Springer},
  year      = {2008},
  url       = {https://doi.org/10.1007/978-3-540-79263-5},
  doi       = {10.1007/978-3-540-79263-5},
  isbn      = {978-3-540-79262-8},
  timestamp = {Fri, 02 Jun 2017 13:01:07 +0200},
  biburl    = {http://dblp.org/rec/bib/conf/ctrsa/2008},
  bibsource = {dblp computer science bibliography, http://dblp.org}
}

@inproceedings{DBLP:conf/ima/AciicmezGS07,
  author    = {Onur Acii{\c{c}}mez and
               Shay Gueron and
               Jean{-}Pierre Seifert},
  title     = {New Branch Prediction Vulnerabilities in OpenSSL and Necessary Software
               Countermeasures},
  booktitle = {Cryptography and Coding, 11th {IMA} International Conference, Cirencester,
               UK, December 18-20, 2007, Proceedings},
  pages     = {185--203},
  year      = {2007},
  crossref  = {DBLP:conf/ima/2007},
  url       = {https://doi.org/10.1007/978-3-540-77272-9_12},
  doi       = {10.1007/978-3-540-77272-9_12},
  timestamp = {Fri, 02 Jun 2017 13:01:07 +0200},
  biburl    = {http://dblp.org/rec/bib/conf/ima/AciicmezGS07},
  bibsource = {dblp computer science bibliography, http://dblp.org}
}

@proceedings{DBLP:conf/ima/2007,
  editor    = {Steven D. Galbraith},
  title     = {Cryptography and Coding, 11th {IMA} International Conference, Cirencester,
               UK, December 18-20, 2007, Proceedings},
  series    = {Lecture Notes in Computer Science},
  volume    = {4887},
  publisher = {Springer},
  year      = {2007},
  url       = {https://doi.org/10.1007/978-3-540-77272-9},
  doi       = {10.1007/978-3-540-77272-9},
  isbn      = {978-3-540-77271-2},
  timestamp = {Fri, 02 Jun 2017 13:01:07 +0200},
  biburl    = {http://dblp.org/rec/bib/conf/ima/2007},
  bibsource = {dblp computer science bibliography, http://dblp.org}
}

@inproceedings{DBLP:conf/uss/GarciaB17,
  author    = {Cesar Pereida Garc{\'{\i}}a and
               Billy Bob Brumley},
  title     = {Constant-Time Callees with Variable-Time Callers},
  booktitle = {26th {USENIX} Security Symposium, {USENIX} Security 2017, Vancouver,
               BC, Canada, August 16-18, 2017.},
  pages     = {83--98},
  year      = {2017},
  crossref  = {DBLP:conf/uss/2017},
  url       = {https://www.usenix.org/conference/usenixsecurity17/technical-sessions/presentation/garcia},
  timestamp = {Fri, 01 Sep 2017 12:29:11 +0200},
  biburl    = {http://dblp.org/rec/bib/conf/uss/GarciaB17},
  bibsource = {dblp computer science bibliography, http://dblp.org}
}

@proceedings{DBLP:conf/uss/2017,
  editor    = {Engin Kirda and
               Thomas Ristenpart},
  title     = {26th {USENIX} Security Symposium, {USENIX} Security 2017, Vancouver,
               BC, Canada, August 16-18, 2017},
  publisher = {{USENIX} Association},
  year      = {2017},
  url       = {https://www.usenix.org/conference/usenixsecurity17},
  timestamp = {Fri, 01 Sep 2017 12:24:05 +0200},
  biburl    = {http://dblp.org/rec/bib/conf/uss/2017},
  bibsource = {dblp computer science bibliography, http://dblp.org}
}

@book{DBLP:books/crc/MenezesOV96,
  author    = {Alfred Menezes and
               Paul C. van Oorschot and
               Scott A. Vanstone},
  title     = {Handbook of Applied Cryptography},
  publisher = {{CRC} Press},
  year      = {1996},
  isbn      = {0-8493-8523-7},
  timestamp = {Sun, 05 Feb 2017 17:14:48 +0100},
  biburl    = {http://dblp.org/rec/bib/books/crc/MenezesOV96},
  bibsource = {dblp computer science bibliography, http://dblp.org}
}

@inproceedings{DBLP:conf/comsware/AravamuthanT07,
  author    = {Sarang Aravamuthan and
               Viswanatha Rao Thumparthy},
  title     = {A Parallelization of {ECDSA} Resistant to Simple Power Analysis Attacks},
  booktitle = {Proceedings of the Second International Conference on COMmunication
               System softWAre and MiddlewaRE {(COMSWARE} 2007), January 7-12, 2007,
               Bangalore, India},
  year      = {2007},
  pages     = {1--7}, 
  crossref  = {DBLP:conf/comsware/2007},
  url       = {https://doi.org/10.1109/COMSWA.2007.382592},
  doi       = {10.1109/COMSWA.2007.382592},
  timestamp = {Sun, 21 May 2017 00:21:32 +0200},
  biburl    = {http://dblp.org/rec/bib/conf/comsware/AravamuthanT07},
  bibsource = {dblp computer science bibliography, http://dblp.org}
}

@proceedings{DBLP:conf/comsware/2007,
  editor    = {Sanjoy Paul and
               Henning Schulzrinne and
               G. Venkatesh},
  title     = {Proceedings of the Second International Conference on COMmunication
               System softWAre and MiddlewaRE {(COMSWARE} 2007), January 7-12, 2007,
               Bangalore, India},
  publisher = {{IEEE}},
  year      = {2007},
  url       = {http://ieeexplore.ieee.org/xpl/mostRecentIssue.jsp?punumber=4267954},
  isbn      = {1-4244-0614-5},
  timestamp = {Tue, 24 Mar 2015 18:02:53 +0100},
  biburl    = {http://dblp.org/rec/bib/conf/comsware/2007},
  bibsource = {dblp computer science bibliography, http://dblp.org}
}

@article{DBLP:journals/jce/AldayaSS17,
  author    = {Alejandro Cabrera Aldaya and
               Alejandro Cabrera Sarmiento and
               Santiago S{\'{a}}nchez{-}Solano},
  title     = {{SPA} vulnerabilities of the binary extended Euclidean algorithm},
  journal   = {J. Cryptographic Engineering},
  volume    = {7},
  number    = {4},
  pages     = {273--285},
  year      = {2017},
  url       = {https://doi.org/10.1007/s13389-016-0135-4},
  doi       = {10.1007/s13389-016-0135-4},
  timestamp = {Wed, 11 Oct 2017 14:41:58 +0200},
  biburl    = {http://dblp.org/rec/bib/journals/jce/AldayaSS17},
  bibsource = {dblp computer science bibliography, http://dblp.org}
}

@inproceedings{DBLP:conf/ches/BauerJLPR14,
  author    = {Aur{\'{e}}lie Bauer and
               {\'{E}}liane Jaulmes and
               Victor Lomn{\'{e}} and
               Emmanuel Prouff and
               Thomas Roche},
  title     = {Side-Channel Attack against {RSA} Key Generation Algorithms},
  booktitle = {Cryptographic Hardware and Embedded Systems - {CHES} 2014 - 16th International
               Workshop, Busan, South Korea, September 23-26, 2014. Proceedings},
  pages     = {223--241},
  year      = {2014},
  crossref  = {DBLP:conf/ches/2014},
  url       = {https://doi.org/10.1007/978-3-662-44709-3_13},
  doi       = {10.1007/978-3-662-44709-3_13},
  timestamp = {Sun, 21 May 2017 00:18:33 +0200},
  biburl    = {http://dblp.org/rec/bib/conf/ches/BauerJLPR14},
  bibsource = {dblp computer science bibliography, http://dblp.org}
}

@proceedings{DBLP:conf/ches/2014,
  editor    = {Lejla Batina and
               Matthew Robshaw},
  title     = {Cryptographic Hardware and Embedded Systems - {CHES} 2014 - 16th International
               Workshop, Busan, South Korea, September 23-26, 2014. Proceedings},
  series    = {Lecture Notes in Computer Science},
  volume    = {8731},
  publisher = {Springer},
  year      = {2014},
  url       = {https://doi.org/10.1007/978-3-662-44709-3},
  doi       = {10.1007/978-3-662-44709-3},
  isbn      = {978-3-662-44708-6},
  timestamp = {Sun, 21 May 2017 00:18:33 +0200},
  biburl    = {http://dblp.org/rec/bib/conf/ches/2014},
  bibsource = {dblp computer science bibliography, http://dblp.org}
}

@inproceedings{DBLP:conf/ches/FinkeGS09,
  author    = {Thomas Finke and
               Max Gebhardt and
               Werner Schindler},
  title     = {A New Side-Channel Attack on {RSA} Prime Generation},
  booktitle = {Cryptographic Hardware and Embedded Systems - {CHES} 2009, 11th International
               Workshop, Lausanne, Switzerland, September 6-9, 2009, Proceedings},
  pages     = {141--155},
  year      = {2009},
  crossref  = {DBLP:conf/ches/2009},
  url       = {https://doi.org/10.1007/978-3-642-04138-9_11},
  doi       = {10.1007/978-3-642-04138-9_11},
  timestamp = {Sun, 21 May 2017 00:18:34 +0200},
  biburl    = {http://dblp.org/rec/bib/conf/ches/FinkeGS09},
  bibsource = {dblp computer science bibliography, http://dblp.org}
}

@proceedings{DBLP:conf/ches/2009,
  editor    = {Christophe Clavier and
               Kris Gaj},
  title     = {Cryptographic Hardware and Embedded Systems - {CHES} 2009, 11th International
               Workshop, Lausanne, Switzerland, September 6-9, 2009, Proceedings},
  series    = {Lecture Notes in Computer Science},
  volume    = {5747},
  publisher = {Springer},
  year      = {2009},
  url       = {https://doi.org/10.1007/978-3-642-04138-9},
  doi       = {10.1007/978-3-642-04138-9},
  isbn      = {978-3-642-04137-2},
  timestamp = {Sun, 21 May 2017 00:18:34 +0200},
  biburl    = {http://dblp.org/rec/bib/conf/ches/2009},
  bibsource = {dblp computer science bibliography, http://dblp.org}
}

@inproceedings{DBLP:conf/cosade/VuillaumeEW12,
  author    = {Camille Vuillaume and
               Takashi Endo and
               Paul Wooderson},
  title     = {{RSA} Key Generation: New Attacks},
  booktitle = {Constructive Side-Channel Analysis and Secure Design - Third International
               Workshop, {COSADE} 2012, Darmstadt, Germany, May 3-4, 2012. Proceedings},
  pages     = {105--119},
  year      = {2012},
  crossref  = {DBLP:conf/cosade/2012},
  url       = {https://doi.org/10.1007/978-3-642-29912-4_9},
  doi       = {10.1007/978-3-642-29912-4_9},
  timestamp = {Sun, 21 May 2017 00:20:24 +0200},
  biburl    = {http://dblp.org/rec/bib/conf/cosade/VuillaumeEW12},
  bibsource = {dblp computer science bibliography, http://dblp.org}
}

@proceedings{DBLP:conf/cosade/2012,
  editor    = {Werner Schindler and
               Sorin A. Huss},
  title     = {Constructive Side-Channel Analysis and Secure Design - Third International
               Workshop, {COSADE} 2012, Darmstadt, Germany, May 3-4, 2012. Proceedings},
  series    = {Lecture Notes in Computer Science},
  volume    = {7275},
  publisher = {Springer},
  year      = {2012},
  url       = {https://doi.org/10.1007/978-3-642-29912-4},
  doi       = {10.1007/978-3-642-29912-4},
  isbn      = {978-3-642-29911-7},
  timestamp = {Sun, 21 May 2017 00:20:24 +0200},
  biburl    = {http://dblp.org/rec/bib/conf/cosade/2012},
  bibsource = {dblp computer science bibliography, http://dblp.org}
}

@inproceedings{DBLP:conf/nsdi/KimHHKH17,
  author    = {Seong Min Kim and
               Juhyeng Han and
               Jaehyeong Ha and
               Taesoo Kim and
               Dongsu Han},
  title     = {Enhancing Security and Privacy of Tor's Ecosystem by Using Trusted
               Execution Environments},
  booktitle = {14th {USENIX} Symposium on Networked Systems Design and Implementation,
               {NSDI} 2017, Boston, MA, USA, March 27-29, 2017},
  pages     = {145--161},
  year      = {2017},
  crossref  = {DBLP:conf/nsdi/2017},
  url       = {https://www.usenix.org/conference/nsdi17/technical-sessions/presentation/kim-seongmin},
  timestamp = {Tue, 28 Mar 2017 15:12:32 +0200},
  biburl    = {http://dblp.org/rec/bib/conf/nsdi/KimHHKH17},
  bibsource = {dblp computer science bibliography, http://dblp.org}
}

@proceedings{DBLP:conf/nsdi/2017,
  editor    = {Aditya Akella and
               Jon Howell},
  title     = {14th {USENIX} Symposium on Networked Systems Design and Implementation,
               {NSDI} 2017, Boston, MA, USA, March 27-29, 2017},
  publisher = {{USENIX} Association},
  year      = {2017},
  url       = {https://www.usenix.org/conference/nsdi17},
  isbn      = {978-1-931971-37-9},
  timestamp = {Tue, 28 Mar 2017 15:12:16 +0200},
  biburl    = {http://dblp.org/rec/bib/conf/nsdi/2017},
  bibsource = {dblp computer science bibliography, http://dblp.org}
}

@inproceedings{DBLP:conf/sp/SchusterCFGPMR15,
  author    = {Felix Schuster and
               Manuel Costa and
               C{\'{e}}dric Fournet and
               Christos Gkantsidis and
               Marcus Peinado and
               Gloria Mainar{-}Ruiz and
               Mark Russinovich},
  title     = {{VC3:} Trustworthy Data Analytics in the Cloud Using {SGX}},
  booktitle = {2015 {IEEE} Symposium on Security and Privacy, {SP} 2015, San Jose,
               CA, USA, May 17-21, 2015},
  pages     = {38--54},
  year      = {2015},
  crossref  = {DBLP:conf/sp/2015},
  url       = {https://doi.org/10.1109/SP.2015.10},
  doi       = {10.1109/SP.2015.10},
  timestamp = {Fri, 26 May 2017 00:50:07 +0200},
  biburl    = {http://dblp.org/rec/bib/conf/sp/SchusterCFGPMR15},
  bibsource = {dblp computer science bibliography, http://dblp.org}
}

@proceedings{DBLP:conf/sp/2015,
  title     = {2015 {IEEE} Symposium on Security and Privacy, {SP} 2015, San Jose,
               CA, USA, May 17-21, 2015},
  publisher = {{IEEE} Computer Society},
  year      = {2015},
  url       = {http://ieeexplore.ieee.org/xpl/mostRecentIssue.jsp?punumber=7160813},
  isbn      = {978-1-4673-6949-7},
  timestamp = {Wed, 29 Mar 2017 16:45:25 +0200},
  biburl    = {http://dblp.org/rec/bib/conf/sp/2015},
  bibsource = {dblp computer science bibliography, http://dblp.org}
}

@inproceedings{DBLP:conf/ccs/ChenZRZ17,
  author    = {Sanchuan Chen and
               Xiaokuan Zhang and
               Michael K. Reiter and
               Yinqian Zhang},
  title     = {Detecting Privileged Side-Channel Attacks in Shielded Execution with
               D{\'{e}}j{\`{a}} Vu},
  booktitle = {Proceedings of the 2017 {ACM} on Asia Conference on Computer and Communications
               Security, AsiaCCS 2017, Abu Dhabi, United Arab Emirates, April 2-6,
               2017},
  pages     = {7--18},
  year      = {2017},
  crossref  = {DBLP:conf/ccs/2017asia},
  url       = {http://doi.acm.org/10.1145/3052973.3053007},
  doi       = {10.1145/3052973.3053007},
  timestamp = {Thu, 20 Apr 2017 14:42:16 +0200},
  biburl    = {http://dblp.org/rec/bib/conf/ccs/ChenZRZ17},
  bibsource = {dblp computer science bibliography, http://dblp.org}
}

@proceedings{DBLP:conf/ccs/2017asia,
  editor    = {Ramesh Karri and
               Ozgur Sinanoglu and
               Ahmad{-}Reza Sadeghi and
               Xun Yi},
  title     = {Proceedings of the 2017 {ACM} on Asia Conference on Computer and Communications
               Security, AsiaCCS 2017, Abu Dhabi, United Arab Emirates, April 2-6,
               2017},
  publisher = {{ACM}},
  year      = {2017},
  url       = {http://doi.acm.org/10.1145/3052973},
  doi       = {10.1145/3052973},
  isbn      = {978-1-4503-4944-4},
  timestamp = {Thu, 20 Apr 2017 14:32:25 +0200},
  biburl    = {http://dblp.org/rec/bib/conf/ccs/2017asia},
  bibsource = {dblp computer science bibliography, http://dblp.org}
}

@inproceedings{DBLP:conf/crypto/Kocher96,
  author    = {Paul C. Kocher},
  title     = {Timing Attacks on Implementations of Diffie-Hellman, RSA, DSS, and
               Other Systems},
  booktitle = {Advances in Cryptology - {CRYPTO} '96, 16th Annual International Cryptology
               Conference, Santa Barbara, California, USA, August 18-22, 1996, Proceedings},
  pages     = {104--113},
  year      = {1996},
  crossref  = {DBLP:conf/crypto/1996},
  url       = {https://doi.org/10.1007/3-540-68697-5_9},
  doi       = {10.1007/3-540-68697-5_9},
  timestamp = {Mon, 22 May 2017 16:14:05 +0200},
  biburl    = {http://dblp.org/rec/bib/conf/crypto/Kocher96},
  bibsource = {dblp computer science bibliography, http://dblp.org}
}

@proceedings{DBLP:conf/crypto/1996,
  editor    = {Neal Koblitz},
  title     = {Advances in Cryptology - {CRYPTO} '96, 16th Annual International Cryptology
               Conference, Santa Barbara, California, USA, August 18-22, 1996, Proceedings},
  series    = {Lecture Notes in Computer Science},
  volume    = {1109},
  publisher = {Springer},
  year      = {1996},
  url       = {https://doi.org/10.1007/3-540-68697-5},
  doi       = {10.1007/3-540-68697-5},
  isbn      = {3-540-61512-1},
  timestamp = {Mon, 22 May 2017 16:14:05 +0200},
  biburl    = {http://dblp.org/rec/bib/conf/crypto/1996},
  bibsource = {dblp computer science bibliography, http://dblp.org}
}

@article{DBLP:journals/joc/TromerOS10,
  author    = {Eran Tromer and
               Dag Arne Osvik and
               Adi Shamir},
  title     = {Efficient Cache Attacks on AES, and Countermeasures},
  journal   = {J. Cryptology},
  volume    = {23},
  number    = {1},
  pages     = {37--71},
  year      = {2010},
  url       = {https://doi.org/10.1007/s00145-009-9049-y},
  doi       = {10.1007/s00145-009-9049-y},
  timestamp = {Thu, 18 May 2017 09:52:09 +0200},
  biburl    = {http://dblp.org/rec/bib/journals/joc/TromerOS10},
  bibsource = {dblp computer science bibliography, http://dblp.org}
}

@inproceedings{DBLP:conf/uss/BulckWKPS17,
  author    = {Jo Van Bulck and
               Nico Weichbrodt and
               R{\"{u}}diger Kapitza and
               Frank Piessens and
               Raoul Strackx},
  title     = {Telling Your Secrets without Page Faults: Stealthy Page Table-Based
               Attacks on Enclaved Execution},
  booktitle = {26th {USENIX} Security Symposium, {USENIX} Security 2017, Vancouver,
               BC, Canada, August 16-18, 2017.},
  pages     = {1041--1056},
  year      = {2017},
  crossref  = {DBLP:conf/uss/2017},
  url       = {https://www.usenix.org/conference/usenixsecurity17/technical-sessions/presentation/van-bulck},
  timestamp = {Fri, 01 Sep 2017 12:29:11 +0200},
  biburl    = {http://dblp.org/rec/bib/conf/uss/BulckWKPS17},
  bibsource = {dblp computer science bibliography, http://dblp.org}
}

@proceedings{DBLP:conf/uss/2017,
  editor    = {Engin Kirda and
               Thomas Ristenpart},
  title     = {26th {USENIX} Security Symposium, {USENIX} Security 2017, Vancouver,
               BC, Canada, August 16-18, 2017},
  publisher = {{USENIX} Association},
  year      = {2017},
  url       = {https://www.usenix.org/conference/usenixsecurity17},
  timestamp = {Fri, 01 Sep 2017 12:24:05 +0200},
  biburl    = {http://dblp.org/rec/bib/conf/uss/2017},
  bibsource = {dblp computer science bibliography, http://dblp.org}
}

@inproceedings{DBLP:conf/uss/0001SGKKP17,
  author    = {Sangho Lee and
               Ming{-}Wei Shih and
               Prasun Gera and
               Taesoo Kim and
               Hyesoon Kim and
               Marcus Peinado},
  title     = {Inferring Fine-grained Control Flow Inside {SGX} Enclaves with Branch
               Shadowing},
  booktitle = {26th {USENIX} Security Symposium, {USENIX} Security 2017, Vancouver,
               BC, Canada, August 16-18, 2017.},
  pages     = {557--574},
  year      = {2017},
  crossref  = {DBLP:conf/uss/2017},
  url       = {https://www.usenix.org/conference/usenixsecurity17/technical-sessions/presentation/lee-sangho},
  timestamp = {Fri, 01 Sep 2017 12:29:11 +0200},
  biburl    = {http://dblp.org/rec/bib/conf/uss/0001SGKKP17},
  bibsource = {dblp computer science bibliography, http://dblp.org}
}

@proceedings{DBLP:conf/uss/2017,
  editor    = {Engin Kirda and
               Thomas Ristenpart},
  title     = {26th {USENIX} Security Symposium, {USENIX} Security 2017, Vancouver,
               BC, Canada, August 16-18, 2017},
  publisher = {{USENIX} Association},
  year      = {2017},
  url       = {https://www.usenix.org/conference/usenixsecurity17},
  timestamp = {Fri, 01 Sep 2017 12:24:05 +0200},
  biburl    = {http://dblp.org/rec/bib/conf/uss/2017},
  bibsource = {dblp computer science bibliography, http://dblp.org}
}

@inproceedings{DBLP:conf/ches/BernsteinBGBHLV17,
  author    = {Daniel J. Bernstein and
               Joachim Breitner and
               Daniel Genkin and
               Leon Groot Bruinderink and
               Nadia Heninger and
               Tanja Lange and
               Christine van Vredendaal and
               Yuval Yarom},
  title     = {Sliding Right into Disaster: Left-to-Right Sliding Windows Leak},
  booktitle = {Cryptographic Hardware and Embedded Systems - {CHES} 2017 - 19th International
               Conference, Taipei, Taiwan, September 25-28, 2017, Proceedings},
  pages     = {555--576},
  year      = {2017},
  crossref  = {DBLP:conf/ches/2017},
  url       = {https://doi.org/10.1007/978-3-319-66787-4_27},
  doi       = {10.1007/978-3-319-66787-4_27},
  timestamp = {Mon, 25 Sep 2017 10:36:35 +0200},
  biburl    = {http://dblp.org/rec/bib/conf/ches/BernsteinBGBHLV17},
  bibsource = {dblp computer science bibliography, http://dblp.org}
}

@proceedings{DBLP:conf/ches/2017,
  editor    = {Wieland Fischer and
               Naofumi Homma},
  title     = {Cryptographic Hardware and Embedded Systems - {CHES} 2017 - 19th International
               Conference, Taipei, Taiwan, September 25-28, 2017, Proceedings},
  series    = {Lecture Notes in Computer Science},
  volume    = {10529},
  publisher = {Springer},
  year      = {2017},
  url       = {https://doi.org/10.1007/978-3-319-66787-4},
  doi       = {10.1007/978-3-319-66787-4},
  isbn      = {978-3-319-66786-7},
  timestamp = {Mon, 18 Sep 2017 13:22:01 +0200},
  biburl    = {http://dblp.org/rec/bib/conf/ches/2017},
  bibsource = {dblp computer science bibliography, http://dblp.org}
}

@inproceedings{DBLP:conf/isca/HoekstraLPPC13,
  author    = {Matthew Hoekstra and
               Reshma Lal and
               Pradeep Pappachan and
               Vinay Phegade and
               Juan del Cuvillo},
  title     = {Using Innovative Instructions to Create Trustworthy Software Solutions},
  booktitle = {{HASP} 2013, The Second Workshop on Hardware and Architectural Support
               for Security and Privacy, Tel-Aviv, Israel, June 23-24, 2013},
  pages     = {11},
  year      = {2013},
  crossref  = {DBLP:conf/isca/2013hasp},
  url       = {http://doi.acm.org/10.1145/2487726.2488370},
  doi       = {10.1145/2487726.2488370},
  timestamp = {Thu, 02 Oct 2014 20:41:34 +0200},
  biburl    = {http://dblp.org/rec/bib/conf/isca/HoekstraLPPC13},
  bibsource = {dblp computer science bibliography, http://dblp.org}
}

@proceedings{DBLP:conf/isca/2013hasp,
  editor    = {Ruby B. Lee and
               Weidong Shi},
  title     = {{HASP} 2013, The Second Workshop on Hardware and Architectural Support
               for Security and Privacy, Tel-Aviv, Israel, June 23-24, 2013},
  publisher = {{ACM}},
  year      = {2013},
  url       = {http://dl.acm.org/citation.cfm?id=2487726},
  isbn      = {978-1-4503-2118-1},
  timestamp = {Thu, 02 Oct 2014 20:39:53 +0200},
  biburl    = {http://dblp.org/rec/bib/conf/isca/2013hasp},
  bibsource = {dblp computer science bibliography, http://dblp.org}
}

@inproceedings{DBLP:conf/uss/GrussSM15,
  author    = {Daniel Gruss and
               Raphael Spreitzer and
               Stefan Mangard},
  title     = {Cache Template Attacks: Automating Attacks on Inclusive Last-Level
               Caches},
  booktitle = {24th {USENIX} Security Symposium, {USENIX} Security 15, Washington,
               D.C., USA, August 12-14, 2015.},
  pages     = {897--912},
  year      = {2015},
  crossref  = {DBLP:conf/uss/2015},
  url       = {https://www.usenix.org/conference/usenixsecurity15/technical-sessions/presentation/gruss},
  timestamp = {Fri, 19 Aug 2016 15:38:02 +0200},
  biburl    = {http://dblp.org/rec/bib/conf/uss/GrussSM15},
  bibsource = {dblp computer science bibliography, http://dblp.org}
}

@proceedings{DBLP:conf/uss/2015,
  editor    = {Jaeyeon Jung and
               Thorsten Holz},
  title     = {24th {USENIX} Security Symposium, {USENIX} Security 15, Washington,
               D.C., USA, August 12-14, 2015},
  publisher = {{USENIX} Association},
  year      = {2015},
  url       = {https://www.usenix.org/conference/usenixsecurity15},
  timestamp = {Fri, 19 Aug 2016 15:38:02 +0200},
  biburl    = {http://dblp.org/rec/bib/conf/uss/2015},
  bibsource = {dblp computer science bibliography, http://dblp.org}
}

@inproceedings{DBLP:conf/usenix/HahnelCP17,
  author    = {Marcus H{\"{a}}hnel and
               Weidong Cui and
               Marcus Peinado},
  title     = {High-Resolution Side Channels for Untrusted Operating Systems},
  booktitle = {2017 {USENIX} Annual Technical Conference, {USENIX} {ATC} 2017, Santa
               Clara, CA, USA, July 12-14, 2017.},
  pages     = {299--312},
  year      = {2017},
  crossref  = {DBLP:conf/usenix/2017},
  url       = {https://www.usenix.org/conference/atc17/technical-sessions/presentation/hahnel},
  timestamp = {Wed, 19 Jul 2017 17:16:19 +0200},
  biburl    = {http://dblp.org/rec/bib/conf/usenix/HahnelCP17},
  bibsource = {dblp computer science bibliography, http://dblp.org}
}

@proceedings{DBLP:conf/usenix/2017,
  title     = {2017 {USENIX} Annual Technical Conference, {USENIX} {ATC} 2017, Santa
               Clara, CA, USA, July 12-14, 2017},
  publisher = {{USENIX} Association},
  year      = {2017},
  url       = {https://www.usenix.org/conference/atc17},
  timestamp = {Wed, 19 Jul 2017 17:15:19 +0200},
  biburl    = {http://dblp.org/rec/bib/conf/usenix/2017},
  bibsource = {dblp computer science bibliography, http://dblp.org}
}

@inproceedings{DBLP:conf/raid/FuBQL17,
  author    = {Yangchun Fu and
               Erick Bauman and
               Raul Quinonez and
               Zhiqiang Lin},
  title     = {SGX-LAPD: Thwarting Controlled Side Channel Attacks via Enclave Verifiable
               Page Faults},
  booktitle = {Research in Attacks, Intrusions, and Defenses - 20th International
               Symposium, {RAID} 2017, Atlanta, GA, USA, September 18-20, 2017, Proceedings},
  pages     = {357--380},
  year      = {2017},
  crossref  = {DBLP:conf/raid/2017},
  url       = {https://doi.org/10.1007/978-3-319-66332-6_16},
  doi       = {10.1007/978-3-319-66332-6_16},
  timestamp = {Wed, 18 Oct 2017 19:37:59 +0200},
  biburl    = {http://dblp.org/rec/bib/conf/raid/FuBQL17},
  bibsource = {dblp computer science bibliography, http://dblp.org}
}

@proceedings{DBLP:conf/raid/2017,
  editor    = {Marc Dacier and
               Michael Bailey and
               Michalis Polychronakis and
               Manos Antonakakis},
  title     = {Research in Attacks, Intrusions, and Defenses - 20th International
               Symposium, {RAID} 2017, Atlanta, GA, USA, September 18-20, 2017, Proceedings},
  series    = {Lecture Notes in Computer Science},
  volume    = {10453},
  publisher = {Springer},
  year      = {2017},
  url       = {https://doi.org/10.1007/978-3-319-66332-6},
  doi       = {10.1007/978-3-319-66332-6},
  isbn      = {978-3-319-66331-9},
  timestamp = {Wed, 18 Oct 2017 19:32:59 +0200},
  biburl    = {http://dblp.org/rec/bib/conf/raid/2017},
  bibsource = {dblp computer science bibliography, http://dblp.org}
}

@article{DBLP:journals/cacm/RivestSA78,
  author    = {Ronald L. Rivest and
               Adi Shamir and
               Leonard M. Adleman},
  title     = {A Method for Obtaining Digital Signatures and Public-Key Cryptosystems},
  journal   = {Commun. {ACM}},
  volume    = {21},
  number    = {2},
  pages     = {120--126},
  year      = {1978},
  url       = {http://doi.acm.org/10.1145/359340.359342},
  doi       = {10.1145/359340.359342},
  timestamp = {Tue, 07 Jun 2011 16:51:11 +0200},
  biburl    = {http://dblp.org/rec/bib/journals/cacm/RivestSA78},
  bibsource = {dblp computer science bibliography, http://dblp.org}
}

@inproceedings{DBLP:conf/ches/YaromGH16,
  author    = {Yuval Yarom and
               Daniel Genkin and
               Nadia Heninger},
  title     = {CacheBleed: {A} Timing Attack on OpenSSL Constant Time {RSA}},
  booktitle = {Cryptographic Hardware and Embedded Systems - {CHES} 2016 - 18th International
               Conference, Santa Barbara, CA, USA, August 17-19, 2016, Proceedings},
  pages     = {346--367},
  year      = {2016},
  crossref  = {DBLP:conf/ches/2016},
  url       = {https://doi.org/10.1007/978-3-662-53140-2_17},
  doi       = {10.1007/978-3-662-53140-2_17},
  timestamp = {Thu, 15 Jun 2017 21:37:06 +0200},
  biburl    = {http://dblp.org/rec/bib/conf/ches/YaromGH16},
  bibsource = {dblp computer science bibliography, http://dblp.org}
}

@proceedings{DBLP:conf/ches/2016,
  editor    = {Benedikt Gierlichs and
               Axel Y. Poschmann},
  title     = {Cryptographic Hardware and Embedded Systems - {CHES} 2016 - 18th International
               Conference, Santa Barbara, CA, USA, August 17-19, 2016, Proceedings},
  series    = {Lecture Notes in Computer Science},
  volume    = {9813},
  publisher = {Springer},
  year      = {2016},
  url       = {https://doi.org/10.1007/978-3-662-53140-2},
  doi       = {10.1007/978-3-662-53140-2},
  isbn      = {978-3-662-53139-6},
  timestamp = {Sun, 21 May 2017 00:18:34 +0200},
  biburl    = {http://dblp.org/rec/bib/conf/ches/2016},
  bibsource = {dblp computer science bibliography, http://dblp.org}
}

@inproceedings{DBLP:conf/ccs/XiaoLCZ17,
  author    = {Yuan Xiao and
               Mengyuan Li and
               Sanchuan Chen and
               Yinqian Zhang},
  title     = {{STACCO:} Differentially Analyzing Side-Channel Traces for Detecting
               {SSL/TLS} Vulnerabilities in Secure Enclaves},
  booktitle = {Proceedings of the 2017 {ACM} {SIGSAC} Conference on Computer and
               Communications Security, {CCS} 2017, Dallas, TX, USA, October 30 -
               November 03, 2017},
  pages     = {859--874},
  year      = {2017},
  crossref  = {DBLP:conf/ccs/2017},
  url       = {http://doi.acm.org/10.1145/3133956.3134016},
  doi       = {10.1145/3133956.3134016},
  timestamp = {Sat, 28 Oct 2017 18:38:40 +0200},
  biburl    = {http://dblp.org/rec/bib/conf/ccs/XiaoLCZ17},
  bibsource = {dblp computer science bibliography, http://dblp.org}
}

@proceedings{DBLP:conf/ccs/2017,
  editor    = {Bhavani M. Thuraisingham and
               David Evans and
               Tal Malkin and
               Dongyan Xu},
  title     = {Proceedings of the 2017 {ACM} {SIGSAC} Conference on Computer and
               Communications Security, {CCS} 2017, Dallas, TX, USA, October 30 -
               November 03, 2017},
  publisher = {{ACM}},
  year      = {2017},
  url       = {http://doi.acm.org/10.1145/3133956},
  doi       = {10.1145/3133956},
  isbn      = {978-1-4503-4946-8},
  timestamp = {Sat, 28 Oct 2017 18:37:45 +0200},
  biburl    = {http://dblp.org/rec/bib/conf/ccs/2017},
  bibsource = {dblp computer science bibliography, http://dblp.org}
}

@inproceedings{DBLP:conf/ccs/WangCPZWBTG17,
  author    = {Wenhao Wang and
               Guoxing Chen and
               Xiaorui Pan and
               Yinqian Zhang and
               XiaoFeng Wang and
               Vincent Bindschaedler and
               Haixu Tang and
               Carl A. Gunter},
  title     = {Leaky Cauldron on the Dark Land: Understanding Memory Side-Channel
               Hazards in {SGX}},
  booktitle = {Proceedings of the 2017 {ACM} {SIGSAC} Conference on Computer and
               Communications Security, {CCS} 2017, Dallas, TX, USA, October 30 -
               November 03, 2017},
  pages     = {2421--2434},
  year      = {2017},
  crossref  = {DBLP:conf/ccs/2017},
  url       = {http://doi.acm.org/10.1145/3133956.3134038},
  doi       = {10.1145/3133956.3134038},
  timestamp = {Sat, 28 Oct 2017 18:38:40 +0200},
  biburl    = {http://dblp.org/rec/bib/conf/ccs/WangCPZWBTG17},
  bibsource = {dblp computer science bibliography, http://dblp.org}
}

@proceedings{DBLP:conf/ccs/2017,
  editor    = {Bhavani M. Thuraisingham and
               David Evans and
               Tal Malkin and
               Dongyan Xu},
  title     = {Proceedings of the 2017 {ACM} {SIGSAC} Conference on Computer and
               Communications Security, {CCS} 2017, Dallas, TX, USA, October 30 -
               November 03, 2017},
  publisher = {{ACM}},
  year      = {2017},
  url       = {http://doi.acm.org/10.1145/3133956},
  doi       = {10.1145/3133956},
  isbn      = {978-1-4503-4946-8},
  timestamp = {Sat, 28 Oct 2017 18:37:45 +0200},
  biburl    = {http://dblp.org/rec/bib/conf/ccs/2017},
  bibsource = {dblp computer science bibliography, http://dblp.org}
}

@inproceedings{DBLP:conf/uss/GrussLSOHC17,
  author    = {Daniel Gruss and
               Julian Lettner and
               Felix Schuster and
               Olga Ohrimenko and
               Istv{\'{a}}n Haller and
               Manuel Costa},
  title     = {Strong and Efficient Cache Side-Channel Protection using Hardware
               Transactional Memory},
  booktitle = {26th {USENIX} Security Symposium, {USENIX} Security 2017, Vancouver,
               BC, Canada, August 16-18, 2017.},
  pages     = {217--233},
  year      = {2017},
  crossref  = {DBLP:conf/uss/2017},
  url       = {https://www.usenix.org/conference/usenixsecurity17/technical-sessions/presentation/gruss},
  timestamp = {Fri, 01 Sep 2017 12:29:11 +0200},
  biburl    = {http://dblp.org/rec/bib/conf/uss/GrussLSOHC17},
  bibsource = {dblp computer science bibliography, http://dblp.org}
}

@proceedings{DBLP:conf/uss/2017,
  editor    = {Engin Kirda and
               Thomas Ristenpart},
  title     = {26th {USENIX} Security Symposium, {USENIX} Security 2017, Vancouver,
               BC, Canada, August 16-18, 2017},
  publisher = {{USENIX} Association},
  year      = {2017},
  url       = {https://www.usenix.org/conference/usenixsecurity17},
  timestamp = {Fri, 01 Sep 2017 12:24:05 +0200},
  biburl    = {http://dblp.org/rec/bib/conf/uss/2017},
  bibsource = {dblp computer science bibliography, http://dblp.org}
}

@inproceedings{DBLP:conf/uss/StrackxP16,
  author    = {Raoul Strackx and
               Frank Piessens},
  title     = {Ariadne: {A} Minimal Approach to State Continuity},
  booktitle = {25th {USENIX} Security Symposium, {USENIX} Security 16, Austin, TX,
               USA, August 10-12, 2016.},
  pages     = {875--892},
  year      = {2016},
  crossref  = {DBLP:conf/uss/2016},
  url       = {https://www.usenix.org/conference/usenixsecurity16/technical-sessions/presentation/strackx},
  timestamp = {Mon, 05 Sep 2016 15:43:05 +0200},
  biburl    = {http://dblp.org/rec/bib/conf/uss/StrackxP16},
  bibsource = {dblp computer science bibliography, http://dblp.org}
}

@proceedings{DBLP:conf/uss/2016,
  editor    = {Thorsten Holz and
               Stefan Savage},
  title     = {25th {USENIX} Security Symposium, {USENIX} Security 16, Austin, TX,
               USA, August 10-12, 2016},
  publisher = {{USENIX} Association},
  year      = {2016},
  url       = {https://www.usenix.org/conference/usenixsecurity16},
  timestamp = {Mon, 05 Sep 2016 15:32:50 +0200},
  biburl    = {http://dblp.org/rec/bib/conf/uss/2016},
  bibsource = {dblp computer science bibliography, http://dblp.org}
}

@inproceedings{DBLP:conf/ctrsa/Konighofer08,
  author    = {Robert K{\"{o}}nighofer},
  title     = {A Fast and Cache-Timing Resistant Implementation of the {AES}},
  booktitle = {Topics in Cryptology - {CT-RSA} 2008, The Cryptographers' Track at
               the {RSA} Conference 2008, San Francisco, CA, USA, April 8-11, 2008.
               Proceedings},
  pages     = {187--202},
  year      = {2008},
  crossref  = {DBLP:conf/ctrsa/2008},
  url       = {https://doi.org/10.1007/978-3-540-79263-5_12},
  doi       = {10.1007/978-3-540-79263-5_12},
  timestamp = {Fri, 02 Jun 2017 13:01:07 +0200},
  biburl    = {http://dblp.org/rec/bib/conf/ctrsa/Konighofer08},
  bibsource = {dblp computer science bibliography, http://dblp.org}
}

@proceedings{DBLP:conf/ctrsa/2008,
  editor    = {Tal Malkin},
  title     = {Topics in Cryptology - {CT-RSA} 2008, The Cryptographers' Track at
               the {RSA} Conference 2008, San Francisco, CA, USA, April 8-11, 2008.
               Proceedings},
  series    = {Lecture Notes in Computer Science},
  volume    = {4964},
  publisher = {Springer},
  year      = {2008},
  url       = {https://doi.org/10.1007/978-3-540-79263-5},
  doi       = {10.1007/978-3-540-79263-5},
  isbn      = {978-3-540-79262-8},
  timestamp = {Fri, 02 Jun 2017 13:01:07 +0200},
  biburl    = {http://dblp.org/rec/bib/conf/ctrsa/2008},
  bibsource = {dblp computer science bibliography, http://dblp.org}
}

@inproceedings{DBLP:conf/sp/CoppensVBS09,
  author    = {Bart Coppens and
               Ingrid Verbauwhede and
               Koen De Bosschere and
               Bjorn De Sutter},
  title     = {Practical Mitigations for Timing-Based Side-Channel Attacks on Modern
               x86 Processors},
  booktitle = {30th {IEEE} Symposium on Security and Privacy (S{\&}P 2009), 17-20
               May 2009, Oakland, California, {USA}},
  pages     = {45--60},
  year      = {2009},
  crossref  = {DBLP:conf/sp/2009},
  url       = {https://doi.org/10.1109/SP.2009.19},
  doi       = {10.1109/SP.2009.19},
  timestamp = {Fri, 26 May 2017 00:50:06 +0200},
  biburl    = {http://dblp.org/rec/bib/conf/sp/CoppensVBS09},
  bibsource = {dblp computer science bibliography, http://dblp.org}
}

@proceedings{DBLP:conf/sp/2009,
  title     = {30th {IEEE} Symposium on Security and Privacy (S{\&}P 2009), 17-20
               May 2009, Oakland, California, {USA}},
  publisher = {{IEEE} Computer Society},
  year      = {2009},
  url       = {http://ieeexplore.ieee.org/xpl/mostRecentIssue.jsp?punumber=5207631},
  isbn      = {978-0-7695-3633-0},
  timestamp = {Thu, 08 Jan 2015 16:59:42 +0100},
  biburl    = {http://dblp.org/rec/bib/conf/sp/2009},
  bibsource = {dblp computer science bibliography, http://dblp.org}
}

@article{DBLP:journals/jce/Gueron12,
  author    = {Shay Gueron},
  title     = {Efficient Software Implementations of Modular Exponentiation},
  journal   = {J. Cryptographic Engineering},
  volume    = {2},
  number    = {1},
  pages     = {31--43},
  year      = {2012},
  url       = {https://doi.org/10.1007/s13389-012-0031-5},
  doi       = {10.1007/s13389-012-0031-5},
  timestamp = {Fri, 26 May 2017 22:52:16 +0200},
  biburl    = {http://dblp.org/rec/bib/journals/jce/Gueron12},
  bibsource = {dblp computer science bibliography, http://dblp.org}
}

@inproceedings{DBLP:conf/isca/McKeenABRSSS13,
  author    = {Frank McKeen and
               Ilya Alexandrovich and
               Alex Berenzon and
               Carlos V. Rozas and
               Hisham Shafi and
               Vedvyas Shanbhogue and
               Uday R. Savagaonkar},
  title     = {Innovative Instructions and Software Model for Isolated Execution},
  booktitle = {{HASP} 2013, The Second Workshop on Hardware and Architectural Support
               for Security and Privacy, Tel-Aviv, Israel, June 23-24, 2013},
  pages     = {10},
  year      = {2013},
  crossref  = {DBLP:conf/isca/2013hasp},
  url       = {http://doi.acm.org/10.1145/2487726.2488368},
  doi       = {10.1145/2487726.2488368},
  timestamp = {Thu, 02 Oct 2014 20:41:34 +0200},
  biburl    = {http://dblp.org/rec/bib/conf/isca/McKeenABRSSS13},
  bibsource = {dblp computer science bibliography, http://dblp.org}
}

@proceedings{DBLP:conf/isca/2013hasp,
  editor    = {Ruby B. Lee and
               Weidong Shi},
  title     = {{HASP} 2013, The Second Workshop on Hardware and Architectural Support
               for Security and Privacy, Tel-Aviv, Israel, June 23-24, 2013},
  publisher = {{ACM}},
  year      = {2013},
  url       = {http://dl.acm.org/citation.cfm?id=2487726},
  isbn      = {978-1-4503-2118-1},
  timestamp = {Thu, 02 Oct 2014 20:39:53 +0200},
  biburl    = {http://dblp.org/rec/bib/conf/isca/2013hasp},
  bibsource = {dblp computer science bibliography, http://dblp.org}
}

@article{DBLP:journals/corr/ShindeCNS15,
  author    = {Shweta Shinde and
               Zheng Leong Chua and
               Viswesh Narayanan and
               Prateek Saxena},
  title     = {Preventing Your Faults From Telling Your Secrets: Defenses Against
               Pigeonhole Attacks},
  journal   = {arXiv ePrint Archive, Report 1506.04832},
  year      = {2015},
  url       = {http://arxiv.org/abs/1506.04832},
  archivePrefix = {arXiv},
  eprint    = {1506.04832},
  timestamp = {Wed, 07 Jun 2017 14:41:27 +0200},
  biburl    = {http://dblp.org/rec/bib/journals/corr/ShindeCNS15},
  bibsource = {dblp computer science bibliography, http://dblp.org}
}

@inproceedings{DBLP:conf/crypto/KocherJJ99,
  author    = {Paul C. Kocher and
               Joshua Jaffe and
               Benjamin Jun},
  title     = {Differential Power Analysis},
  booktitle = {Advances in Cryptology - {CRYPTO} '99, 19th Annual International Cryptology
               Conference, Santa Barbara, California, USA, August 15-19, 1999, Proceedings},
  pages     = {388--397},
  year      = {1999},
  crossref  = {DBLP:conf/crypto/1999},
  url       = {https://doi.org/10.1007/3-540-48405-1_25},
  doi       = {10.1007/3-540-48405-1_25},
  timestamp = {Wed, 24 May 2017 15:40:44 +0200},
  biburl    = {http://dblp.org/rec/bib/conf/crypto/KocherJJ99},
  bibsource = {dblp computer science bibliography, http://dblp.org}
}

@proceedings{DBLP:conf/crypto/1999,
  editor    = {Michael J. Wiener},
  title     = {Advances in Cryptology - {CRYPTO} '99, 19th Annual International Cryptology
               Conference, Santa Barbara, California, USA, August 15-19, 1999, Proceedings},
  series    = {Lecture Notes in Computer Science},
  volume    = {1666},
  publisher = {Springer},
  year      = {1999},
  url       = {https://doi.org/10.1007/3-540-48405-1},
  doi       = {10.1007/3-540-48405-1},
  isbn      = {3-540-66347-9},
  timestamp = {Wed, 24 May 2017 15:40:44 +0200},
  biburl    = {http://dblp.org/rec/bib/conf/crypto/1999},
  bibsource = {dblp computer science bibliography, http://dblp.org}
}

@inproceedings{DBLP:conf/uss/BackesDGPS10,
  author    = {Michael Backes and
               Markus D{\"{u}}rmuth and
               Sebastian Gerling and
               Manfred Pinkal and
               Caroline Sporleder},
  title     = {Acoustic Side-Channel Attacks on Printers},
  booktitle = {19th {USENIX} Security Symposium, Washington, DC, USA, August 11-13,
               2010, Proceedings},
  pages     = {307--322},
  year      = {2010},
  crossref  = {DBLP:conf/uss/2010},
  url       = {http://www.usenix.org/events/sec10/tech/full_papers/Backes.pdf},
  timestamp = {Fri, 02 Jan 2015 14:47:11 +0100},
  biburl    = {http://dblp.org/rec/bib/conf/uss/BackesDGPS10},
  bibsource = {dblp computer science bibliography, http://dblp.org}
}

@proceedings{DBLP:conf/uss/2010,
  title     = {19th {USENIX} Security Symposium, Washington, DC, USA, August 11-13,
               2010, Proceedings},
  publisher = {{USENIX} Association},
  year      = {2010},
  url       = {https://www.usenix.org/publications/proceedings/?f[0]=im_group_audience%3A21},
  timestamp = {Wed, 14 May 2014 19:33:31 +0200},
  biburl    = {http://dblp.org/rec/bib/conf/uss/2010},
  bibsource = {dblp computer science bibliography, http://dblp.org}
}

@inproceedings{DBLP:conf/asplos/HofmannKDLW13,
  author    = {Owen S. Hofmann and
               Sangman Kim and
               Alan M. Dunn and
               Michael Z. Lee and
               Emmett Witchel},
  title     = {InkTag: secure applications on an untrusted operating system},
  booktitle = {Architectural Support for Programming Languages and Operating Systems,
               {ASPLOS} '13, Houston, TX, {USA} - March 16 - 20, 2013},
  pages     = {265--278},
  year      = {2013},
  crossref  = {DBLP:conf/asplos/2013},
  url       = {http://doi.acm.org/10.1145/2451116.2451146},
  doi       = {10.1145/2451116.2451146},
  timestamp = {Sat, 16 Mar 2013 16:21:45 +0100},
  biburl    = {http://dblp.org/rec/bib/conf/asplos/HofmannKDLW13},
  bibsource = {dblp computer science bibliography, http://dblp.org}
}

@proceedings{DBLP:conf/asplos/2013,
  editor    = {Vivek Sarkar and
               Rastislav Bod{\'{\i}}k},
  title     = {Architectural Support for Programming Languages and Operating Systems,
               {ASPLOS} '13, Houston, TX, {USA} - March 16 - 20, 2013},
  publisher = {{ACM}},
  year      = {2013},
  url       = {http://dl.acm.org/citation.cfm?id=2451116},
  isbn      = {978-1-4503-1870-9},
  timestamp = {Sat, 16 Mar 2013 16:11:20 +0100},
  biburl    = {http://dblp.org/rec/bib/conf/asplos/2013},
  bibsource = {dblp computer science bibliography, http://dblp.org}
}

@article{DBLP:journals/tocs/BaumannPH15,
  author    = {Andrew Baumann and
               Marcus Peinado and
               Galen C. Hunt},
  title     = {Shielding Applications from an Untrusted Cloud with Haven},
  journal   = {{ACM} Trans. Comput. Syst.},
  volume    = {33},
  number    = {3},
  pages     = {8:1--8:26},
  year      = {2015},
  url       = {http://doi.acm.org/10.1145/2799647},
  doi       = {10.1145/2799647},
  timestamp = {Tue, 03 Jan 2017 11:51:57 +0100},
  biburl    = {http://dblp.org/rec/bib/journals/tocs/BaumannPH15},
  bibsource = {dblp computer science bibliography, http://dblp.org}
}

@article{DBLP:journals/iacr/SpreitzerP13,
  author    = {Raphael Spreitzer and
               Thomas Plos},
  title     = {On the Applicability of Time-Driven Cache Attacks on Mobile Devices
               (Extended Version)},
  journal   = {{IACR} Cryptology ePrint Archive},
  volume    = {2013},
  pages     = {172},
  year      = {2013},
  url       = {http://eprint.iacr.org/2013/172},
  timestamp = {Thu, 08 Jun 2017 14:26:40 +0200},
  biburl    = {http://dblp.org/rec/bib/journals/iacr/SpreitzerP13},
  bibsource = {dblp computer science bibliography, http://dblp.org}
}

@article{DBLP:journals/corr/abs-1801-01203,
  author    = {Paul Kocher and
               Daniel Genkin and
               Daniel Gruss and
               Werner Haas and
               Mike Hamburg and
               Moritz Lipp and
               Stefan Mangard and
               Thomas Prescher and
               Michael Schwarz and
               Yuval Yarom},
  title     = {Spectre Attacks: Exploiting Speculative Execution},
  journal   = {CoRR},
  volume    = {abs/1801.01203},
  year      = {2018},
  url       = {http://arxiv.org/abs/1801.01203},
  archivePrefix = {arXiv},
  eprint    = {1801.01203},
  timestamp = {Thu, 01 Feb 2018 19:52:26 +0100},
  biburl    = {http://dblp.org/rec/bib/journals/corr/abs-1801-01203},
  bibsource = {dblp computer science bibliography, http://dblp.org}
}

