@article{DBLP:journals/corr/abs-1801-01203,
  author = {Paul Kocher and Daniel Genkin and Daniel Gruss and Werner Haas and Mike Hamburg and Moritz Lipp and Stefan Mangard and Thomas Prescher and Michael Schwarz and Yuval Yarom},
  journal = {CoRR},
  title = {{Spectre Attacks: Exploiting Speculative Execution}},
  volume = {abs/1801.01203},
  year = {2018}
}

