@misc{wiki:CPUcache,
	author = {Wikipedia},	
	title = {{CPU Cache --- {W}ikipedia{,} The Free Encyclopedia}},
	year = {2018},
	url = {https://en.wikipedia.org/wiki/CPU_cache},
	howpublished = {Website},
	note = {[Online; accessed 7-April-2018] \url{https://en.wikipedia.org/wiki/CPU_cache}}
}

@misc{IntelPin,
	author = {Intel Corporation},
	title =  {{Pin 3.6 User Guide}},
	year = {2018},
	url = {https://software.intel.com/sites/landingpage/pintool/docs/97554/Pin/html/},
	howpublished = {Website},
	note = {[Online; accessed 10-April-2018]}
}

@misc{IntelAORM2017,
	author = {Intel Corporation},
	title =  {{Intel 64 and IA-32 Architectures Optimization Reference Manual}},
	year = {2017},
	url = {https://software.intel.com/sites/default/files/managed/9e/bc/64-ia-32-architectures-optimization-manual.pdf},
	howpublished = {PDF},
	note = {[Online; accessed 7-April-2018]}
}

@misc{valgrindusrman,
	author = {Valgrindâ„¢ Developers},
	title =  {{Cachegrind: a cache and branch-prediction profiler}},
	year = {2017},
	url = {http://valgrind.org/docs/manual/cg-manual.html},
	howpublished = {Website},
	note = {[Online; accessed 9-April-2018] \url{http://valgrind.org/docs/manual/cg-manual.html}}
}

@misc{zynq2017,
	author = {Xilinx},
	title =  {{Xilinx Quick Emulator User Guide}},
	year = {2017},
	url = {https://www.xilinx.com/support/documentation/sw_manuals/xilinx2017_1/ug1169-xilinx-qemu.pdf},
	howpublished = {PDF},
	note = {[Online; accessed 9-April-2018] \url{https://www.xilinx.com/support/documentation/sw_manuals/xilinx2017_1/ug1169-xilinx-qemu.pdf}}
}

@misc{wiki:QEMUmonitor,
	author = {QEMU Developers},	
	title = {{QEMU/Monitor}},
	year = {2018},
	url = {https://en.wikibooks.org/wiki/QEMU/Monitor},
	howpublished = {Website},
	note = {[Online; accessed 5-April-2018] \url{https://en.wikibooks.org/wiki/QEMU/Monitor}}
}

@misc{misc:bernstein2005,
	author = {Daniel J. Bernstein},
	title = {{Cache-timing attacks on AES}},
	year = {2005},
	url = {http://cr.yp.to/antiforgery/cachetiming-20050414.pdf},
	howpublished = {PDF},
	note = {[Online; accessed 1-September-2017] \url{http://cr.yp.to/antiforgery/cachetiming-20050414.pdf}}
}

@misc{misc:flushflush2016,
	author = {IAIK - },
	title = {Flush + Flush},
	year = {2016},
	publisher = {GitHub},
	journal = {GitHub repository},
	howpublished = {GitHub repository},
	note = {[Online; accessed 3-September-2017] \url{https://github.com/IAIK/flush_flush}},
	commit = {b92d3564ba5016252e5c19317aa3a2184be71066}
}

@misc{misc:cachesim2018,
	author = {Mario Theuermann},
	title = {Cachesim - Memory-trace-driven cache simulation},
	year = {2018},
	publisher = {GitHub},
	journal = {GitHub repository},
	howpublished = {GitHub repository},
	note = {\url{https://github.com/theuema/cachesim}},
	commit = {4f7895b44bb55b17d91dc36339f471befb164fd2}
}

@misc{misc:qemusim2017,
	author = {Mario Theuermann},
	title = {Added cache simulation to QEMU. A generic and open source machine/userspace emulator and virtualizer.},
	year = {2017},
	publisher = {GitHub},
	journal = {GitHub repository},
	howpublished = {Website},
	note = {\url{https://github.com/theuema/qemu/tree/theuema_cache_dev}},
	commit = {586fb6ad50ac7cb918ed2405a78b44744b42960d}
}