@book{DBLP:books/daglib/0028244,
  author    = {John L. Hennessy and
               David A. Patterson},
  title     = {Computer Architecture - {A} Quantitative Approach, 5th Edition},
  publisher = {Morgan Kaufmann},
  year      = {2012},
  isbn      = {978-0-12-383872-8},
  timestamp = {Thu, 27 Apr 2017 17:32:54 +0200},
  biburl    = {https://dblp.org/rec/bib/books/daglib/0028244},
  bibsource = {dblp computer science bibliography, https://dblp.org}
}

